<record><leader>00000cas a2200000 a 4500</leader><controlfield tag="001">9357800</controlfield><controlfield tag="008">830329u1870uuuumiuwr ne      0    0eng c</controlfield><datafield ind1=" " ind2=" " tag="010"><subfield code="a">sn 83025264 </subfield></datafield><datafield ind1=" " ind2=" " tag="040"><subfield code="a">NPV</subfield><subfield code="b">eng</subfield><subfield code="c">NPV</subfield><subfield code="d">NPX</subfield><subfield code="d">MHN</subfield><subfield code="d">OCL</subfield><subfield code="d">OCLCQ</subfield><subfield code="d">OCLCF</subfield><subfield code="d">OCLCO</subfield></datafield><datafield ind1="1" ind2=" " tag="029"><subfield code="a">AU@</subfield><subfield code="b">000025810501</subfield></datafield><datafield ind1=" " ind2=" " tag="042"><subfield code="a">pcc</subfield></datafield><datafield ind1=" " ind2=" " tag="043"><subfield code="a">n-us-mi</subfield></datafield><datafield ind1=" " ind2=" " tag="045"><subfield code="a">w7w-</subfield></datafield><datafield ind1=" " ind2=" " tag="052"><subfield code="a">4113</subfield><subfield code="b">B5</subfield></datafield><datafield ind1="0" ind2="0" tag="245"><subfield code="a">Frankfort weekly express.</subfield></datafield><datafield ind1="1" ind2="3" tag="246"><subfield code="a">Frankfort express</subfield></datafield><datafield ind1=" " ind2=" " tag="260"><subfield code="a">Frankfort, Mich. :</subfield><subfield code="b">Cornell &amp; Hosner</subfield></datafield><datafield ind1=" " ind2=" " tag="300"><subfield code="a">v. :</subfield><subfield code="b">ill. (chiefly adv.) ;</subfield><subfield code="c">66 cm.</subfield></datafield><datafield ind1=" " ind2=" " tag="310"><subfield code="a">Weekly</subfield></datafield><datafield ind1="1" ind2=" " tag="362"><subfield code="a">Began with June 6, 1870 issue.</subfield><subfield code="z">Cf. Hist. of the press of Mich., 1876.</subfield></datafield><datafield ind1=" " ind2=" " tag="500"><subfield code="a">Whole numbering added: &lt;Mar. 15, 1876&gt;.</subfield></datafield><datafield ind1=" " ind2=" " tag="500"><subfield code="a">"Weekly" appears in small type above the title ornament, &lt;Aug. 1871-Sept. 1876&gt;.</subfield></datafield><datafield ind1=" " ind2=" " tag="500"><subfield code="a">Editors: W.F. Cornell, O.V. Hosner, &lt;1872&gt;; Allen Brewer, &lt;1876&gt;; A.B. Stigner, &lt;1890-1891&gt;.</subfield></datafield><datafield ind1=" " ind2=" " tag="500"><subfield code="a">Published at Frankfort-on-the-Lake, &lt;1890-1891&gt;.</subfield></datafield><datafield ind1=" " ind2=" " tag="500"><subfield code="a">Publishers: Cornell &amp; Hosner, &lt;1872&gt;; Allen Brewer, &lt;1876&gt;; A. Brewer &amp; Son, &lt;1881&gt;; O.L. Waterbury, &lt;1890-1891&gt;.</subfield></datafield><datafield ind1=" " ind2=" " tag="588"><subfield code="a">Description based on: Vol. 2, no. 8 (Aug. 15, 1871).</subfield></datafield><datafield ind1=" " ind2="0" tag="651"><subfield code="a">Frankfort (Mich.)</subfield><subfield code="v">Newspapers.</subfield></datafield><datafield ind1=" " ind2="0" tag="651"><subfield code="a">Benzie County (Mich.)</subfield><subfield code="v">Newspapers.</subfield></datafield><datafield ind1=" " ind2="7" tag="655"><subfield code="a">Newspapers.</subfield><subfield code="2">fast</subfield><subfield code="0">(OCoLC)fst01423814</subfield></datafield><datafield ind1=" " ind2="7" tag="651"><subfield code="a">Michigan</subfield><subfield code="z">Benzie County.</subfield><subfield code="2">fast</subfield><subfield code="0">(OCoLC)fst01215295</subfield></datafield><datafield ind1=" " ind2="7" tag="651"><subfield code="a">Michigan</subfield><subfield code="z">Frankfort.</subfield><subfield code="2">fast</subfield><subfield code="0">(OCoLC)fst01222172</subfield></datafield><datafield ind1="1" ind2=" " tag="700"><subfield code="a">Stigner, A. B.</subfield></datafield><datafield ind1=" " ind2=" " tag="752"><subfield code="a">United States</subfield><subfield code="b">Michigan</subfield><subfield code="c">Benzie</subfield><subfield code="d">Frankfort.</subfield></datafield></record>